@article{Amer-YahiaSihem2009Grsa,
pages = {754-765},
title = {Group recommendation: semantics and efficiency},
volume = {2},
year = {2009},
author = {Amer-Yahia, Sihem and Roy, Senjuti Basu and Chawlat, Ashish and Das, Gautam and Yu, Cong},
issn = {2150-8097},
journal = {Proceedings of the VLDB Endowment},
language = {eng},
number = {1},
}


